@article{Pan2021TestCS,
  title={Test Case Selection and Prioritization Using Machine Learning: A Systematic Literature Review},
  author={Rong Pan and Mojtaba Bagherzadeh and Taher Ahmed Ghaleb and Lionel C. Briand},
  journal={ArXiv},
  year={2021},
  volume={abs/2106.13891}
}
@inproceedings{Yoo2009RegressionTM,
  title={Regression Testing Minimisation, Selection and Prioritisation - A Survey},
  author={Shin Yoo and Mark Harman},
  year={2009}
}
